@article{He2018ABAE,
title={An Unsupervised Neural Attention Model for Aspect Extraction},
author={Ruidan He and Wee Sun Lee and Hwee Tou Ng and Daniel Dahlmeirer},
year={2017},
}

@article{Mikolov2013W2V,
title={Efficient Estimation of Word Representations in Vector Space},
author={Tomas Mikolov and Kai Chen and Greg Corrado and Jeffrey Dean},
year={2017},
}

@article{Bahdanau2015NMT,
title={Neural Machine Translation by Jointly Learning to Align and Translate},
author={Dzmitry Bahdanau and Kyunghyun Cho and Yoshua Bengio},
year={2015},
}

@article{Hinton2017DRBC,
title={Dynamic Routing Between Capsules},
author={Sara Sabour and Nicholas Frost and Geoffrey E Hinton},
year={2017},
}

@inproceedings{Ganu2009BeyondTheStars,
title={Beyond the Stars: Improving Rating Predictions using Review Text Content},
author={Gayatree Ganu and Noemie Elhadad and Amelie Marian},
year={2009},
booktitle={Proceedings of the 12th International Workshop on the Web and Databases},
}

@inproceedings{Zhao2010JMA,
title={Jointly modeling aspects and opinions with a MaxEnt-LDA hybrid},
author={Wayne Xin Zhao and Jing Jiang and Hongfei Yan and Xiaoming Li},
year={2010},
booktitle={Proceedings of the 2010 Conference on Emperical Methods in Natural Language Processing}
}

@inproceedings{HuLiu2004,
title={Mining and summarizing customer reviews},
author={Minqing Hu and Bing Liu},
year={2004},
booktitle={Proceedings of the 10th ACM SIGKDD International Conference on Knowledge Dicovery and Data Mining}
}

@inproceedings{Zhuang2006,
title={Movie review mining and summarization},
author={Li Zhuang and Feng Jing and Xiao-Yan Zhu},
year={2006},
booktitle={Proceedings of the 15th ACM International Conference on Information and Knowledge Management}
}

@inproceedings{Somasundarn2009,
title={Recognizing stances in online debates},
author={Swapna Somasundaran and Janyce Wiebe},
year={2009},
booktitle={Proceedings of the Joint Conference of the 47th Annual Meeting of the ACL and the 4th International Joint Conference on Natural Language Processing of the AFNLP}
}

@article{Qiu2011,
title={Opinion word expansion and target extraction thorugh double propagation},
author={Guang Qiu and Bing Liu and Jiajun Bu and Chun Chen},
year={2011},
journal={Computation Linguistics},
volume={37},
pages={9-27}
}

@inproceedings{Jin2009,
title={A novel lexicallized HMM-based learning frameworks for web opinion mining},
author={Wei Jin and Huang Hay Ho},
year={2009},
booktitle={Proceedings of the 26th International Conference on Machine Learning}
}

@inproceedings{Li2010,
title={Structure-aware review mining and summarization},
author={Fangtao Li and Chao Han and Minlie Huang and Xiaoyan Zhu and Ying-Ju Xia and Shu Zang and Hao Yu},
year={2010},
booktitle={Proceedings of the 23rd International Conference on Computer Linguistics}
}

@inproceedings{Yin2016,
title={Unsupervised word and dependency path embeddings for aspect term extraction},
author={Yichun Yin and Furu Wei and Li Dong and Kaiming Xu and Ming Zhang and Ming Zhou},
year={2016},
booktitle={Proceedings of the 25th International Joint Conference on Artificial Intelligence}
}

@inproceedings{Wang2016,
title={Recursive neural conditional random fields for aspect-based sentiment analysis},
author={Wenya Wang and Sinno J. Pan and Daniel Dahlmeier and Xiaokui Xiao},
year={2016},
booktitle={Proceedings of the 2016 Conference on Empirical Methods in Natural Language Processing}
}

@article{Brody2010UAS,
title={An unsupervised aspect-sentiment model for online reviews},
author={Samuel Brody and Noemie Elhadad},
year={2010},
booktitle={Human Language Technologies: The 2010 Annual Conference of the North American Chapter of the Association for Computational Linguistics}
}

@inproceedings{Mukherjee2012,
title={Aspect extraction through semi-supervised modelling},
author={Arjun Mukkerjee and Bing Liu},
year={2012},
booktitle={Proceedings of the 50th Annual Meetings of the Association for Computational Linguistics}
}

@inproceedings{Chen2014,
title={Aspect extraction with automated prior knowledge learning},
author={Zhiyuan Chen and Arjun Mukherjee and Bing Liu},
year={2014},
booktitle={Proceedings of the 52nd Annual Meeting of the Association for Computational Linguistics}
}

@inproceedings{Blei2003,
title={Latent Dirichlet allocation},
author={David Blei and Andrew Ng and Michael Jordan},
year={2003},
journal={Jornal of Machine Learning research},
volume={3},
pages={993-1022}
}

@inproceedings{Wang2015,
title={Sentiment-aspect extraction based on restricted Boltzmann machines},
author={Linlin Wang and Kang Liu and Zhu Cao and Jun Zhao and Gerrard de Malo},
year={2015},
booktitle={Proceedings of the 53rd Annual Meeting of the Association for Computational Linguistics and the 7th International Joint Conference on Natural Language Processing}
}

@inproceedings{Yan2013,
title={A biterm topic model for short texts},
author={Xiaohui Yan and Jiafeng Guo and Yanyan Lan and Xueqi Cheng},
year={2013},
booktitle={Proceedings of the 22nd International World Wide Web Conference}
}

@article{Mnih2014,
title={Recurrent models of visual attention},
author={Volodymyr Mnih and Nicolas Heess and Alex Graves and Koray Kavukcuoglu},
year={2014},
booktitle={Advanced in Neural information Processing Systems}
}

@inproceedings{Rush2015,
title={A neural attention model for sentence summarization},
author={Alexander Rush and Sumit Chopa and Jason Weston},
year={2015},
booktitle={Proceeding of the 2015 Conference on Emperical Methods in Natural Language Processing}
}

@inproceedings{Zhao2018,
title={Investigating Capsule Networks with Dynamic Routing for Text Classification},
author={Wei Zhao and Jianbo Ye and Min Yang and Zeyang Lei and Soufei Zhang and Zhou Zhao},
year={2015},
booktitle={Proceeding of the 2015 Conference on Emperical Methods in Natural Language Processing}
}
