@article{He2018ABAE,
title={An Unsupervised Neural Attention Model for Aspect Extraction},
author={Ruidan He, Wee Sun Lee, Hwee Tou Ng, Daniel Dahlmeirer},
year={2017},
}

@article{Mikolov2013W2V,
title={Efficient Estimation of Word Representations in Vector Space},
author={Tomas Mikolov, Kai Chen, Greg Corrado, Jeffrey Dean},
year={2017},
}

@article{Bahdanau2015NMT,
title={Neural Machine Translation by Jointly Learning to Align and Translate},
author={Dzmitry Bahdanau, Kyunghyun Cho, Yoshua Bengio},
year={2015},
}

@article{levenshtein1966binary,
title={Binary Codes Capable of Correcting Deletions, Insertions and Reversals},
author={Levenshtein, Vladimir I.},
year={1966},
month={February},
journal={Soviet Physics Doklady},
volume={10},
pages={709}
}

@article{levenshtein1966dvoichnie,
title={Двоичные коды с исправлением выпадений, вставок и замещений символов},
author={Левенштейн, {\CYRV}ладимир {\CYRI}осифович.},
year={1966},
month={February},
journal={Доклады Академий Наук СССР},
volume={163},
pages={845--848},
number={4}
}

@inproceedings{merity2017pointer,
  title={Pointer sentinel mixture models},
  author={Merity, Stephen and Xiong, Caiming and Bradbury, James and Socher, Richard},
  booktitle={Proceedings of International Conference of Learning Representation},
  year={2017}
}

@inproceedings{habernal2016c4corpus,
  title={C4Corpus: Multilingual Web-size corpus with free license},
  author={Habernal, Ivan and Zayed, Omnia and Gurevych, Iryna},
  booktitle={Proceedings of the Tenth International Conference on Language Resources and Evaluation (LREC'16)},
  pages={914--922},
  year={2016}
}